00518cas a22002051a 4500
001 9917737343502836
003 Nz
005 20161223172959.0
008 031218m1981uuuunz  r ne      000 0 eng d
035    $a (Nz)8131723
035    $a (NLNZils)1773734-ilsdb
040    $a WN $c WN
042    $a nznb
043    $a u-nz---
245 00 $a Bay city beacon.
260    $a Brown's Bay [N.Z.]
310    $a Weekly?
362 0  $a 1981 Jul.18-?
651  0 $a Brown's Bay (Auckland, N.Z.) $v Newspapers.
655  7 $a New Zealand newspapers. $2 local $5 Nz
